@MANUAL{wincvs_manual,
  TITLE =        {WinCVS 1.3 Users Guide},
  author =       {Don Harper},
  month =        {November},
  year =         {2001},
}

@MANUAL{cederqvist,
  TITLE =        {Version Management with CVS},
  author =       {Per Cederqvist},
  year =         {2003},
}
